---
---

@article{youtube2020probabilistic,
  title={Probabilistic Circuits: Representations, Inference, Learning and Theory (Tutorial at ECML-PKDD 2020)},
  author={UCLA-StarAI},
  year={2020},
  journal={YouTube \url{https://www.youtube.com/watch?v=2RAG5-L9R70}}
}


@article{choi2020probabilistic,
  title={Probabilistic circuits: A unifying framework for tractable probabilistic models},
  author={Choi, Y and Vergari, Antonio and Van den Broeck, Guy},
  journal={UCLA. URL: \url{http://starai.cs.ucla.edu/papers/ProbCirc20.pdf}},
  year={2020}
}

@article{thordis2013AVM,
  author = {Thordis L. Thorarinsdottir*, Tilmann Gneiting, Nadine Gissibl},
  title = {Using proper divergence functions to evaluate climate models},
  journal = {URL: \url{https://arxiv.org/abs/1301.5927v2}},
  year = {2013},
}

@article{papamakarios2021normalizing,
  title={Normalizing flows for probabilistic modeling and inference},
  author={Papamakarios, George and Nalisnick, Eric and Rezende, Danilo Jimenez and Mohamed, Shakir and Lakshminarayanan, Balaji},
  journal={The Journal of Machine Learning Research. URL: \url{https://arxiv.org/abs/1912.02762}},
  volume={22},
  number={1},
  pages={2617--2680},
  year={2021},
  publisher={JMLRORG}
}

@article{jawitz2003truncated,
  title={Moments of truncated continuous univariate distributions},
  author={Jawitz, James W.},
  journal={Advances in Water Resources},
  volume={27},
  pages={269--281},
  year={2003},
  publisher={Elsevier}
}

@article{pollak2019doublerecursion,
  title={A Double Recursion for Calculating Moments
        of the Truncated Normal Distribution and its Connection
        to Change Detection},
  author={Pollak, Moshe and Shauly-Aharonov, Michal},
  journal={Methodology and Computing in Applied Probability
   URL: \url{https://link.springer.com/article/10.1007/s11009-018-9622-7}},
  volume={21},
  number={53},
  pages={889--906},
  year={2019},
  publisher={Springer}
}

@article{ogasawara2022moments,
  title={On Moments of Folded and Truncated Multivariate Normal Distributions},
  author={Ogasawara, Haruhiko},
  journal={Communications In Statistics â€” Theory and Methods
   URL: \url{https://www.tandfonline.com/doi/full/10.1080/03610926.2020.1867742}},
  volume={51},
  number={19},
  pages={6834 -- 6862},
  year={2022},
  publisher={Taylor & Francis}
}

@techreport{kemp2020psp,
  author      = {Todd Kemp},
  title       = {Probability Theory and Stochastic Processes},
  institution = {Uinversity of California San Diego},
  year        = {2020},
  type        = {lecture course},
  note        = {https://mathweb.ucsd.edu/~tkemp/teaching.html}
}

@book{case2001statistical,
title = {Statistical Inference},
author = {George Casella, Roger L. Berger},
publisher = {Duxbury Press},
isbn = {0534243126,9780534243128},
year = {2001},
series = {},
edition = {2},
volume = {}
}

@book{hogg2019introduction,
title = {An Introduction to Statistical Learning: with Applications in Python},
author = {Gareth James; Daniela Witten; Trevor Hastie; Robert Tibshirani; Jonathan Taylor},
publisher = {Springer Nature},
isbn = {9783031387470,3031387473},
year = {2023},
series = {},
edition = {},
volume = {}
}

@book{hastie2009elements,
title = {The Elements of Statistical Learning: Data Mining, Inference, and Prediction, Second Edition},
author = {Trevor Hastie; Robert Tibshirani; Jerome Friedman},
publisher = {Springer Science & Business Media},
isbn = {0387848584,9780387848587},
year = {2009},
series = {},
edition = {2},
volume = {}
}

@book{gelman2014bayesian,
title = {Bayesian Data Analysis},
author = {Andrew Gelman; John B. Carlin; Hal S. Stern; David B. Dunson; Aki Vehtari; Donald B. Rubin},
publisher = {Chapman and Hall/CRC},
isbn = {1439840954, 9781439840955},
year = {2014},
series = {Chapman & Hall/CRC Texts in Statistical Science},
edition = {3},
volume = {}
}

@book{bishop2006pattern,
title = {Pattern Recognition and Machine Learning},
author = {Christopher M. Bishop},
publisher = {Springer},
isbn = {9780387310732,0387310738},
year = {2006},
series = {Information science and statistics},
edition = {1st ed. 2006. Corr. 2nd printing},
volume = {}
}

@book{mackay2003information,
title = {Foundations of Modern Probability},
author = {Olav Kallenberg},
publisher = {},
isbn = {9783030618704,9783030618711},
year = {},
series = {Probability Theory and Stochastic Modelling 99},
edition = {3},
volume = {}
}

@MISC {Sampling2017StackExchange,
    TITLE = {How does one formally define sampling from a probability distribution?},
    AUTHOR = {kccu (https://math.stackexchange.com/users/255727/kccu)},
    HOWPUBLISHED = {Mathematics Stack Exchange},
    NOTE = {URL:https://math.stackexchange.com/q/2336295 (version: 2017-06-26)},
    EPRINT = {https://math.stackexchange.com/q/2336295},
    URL = {https://math.stackexchange.com/q/2336295}
}

@article{martires2024probabilistic,
  title={Probabilistic Neural Circuits},
  author={Martires, Pedro Zuidberg Dos},
  journal={arXiv preprint arXiv:2403.06235},
  year={2024}
}

@article{liu2024scaling,
  title={Scaling Tractable Probabilistic Circuits: A Systems Perspective},
  author={Liu, Anji and Ahmed, Kareem and Broeck, Guy Van den},
  journal={arXiv preprint arXiv:2406.00766},
  year={2024}
}

@inproceedings{gala2024probabilistic,
  title={Probabilistic integral circuits},
  author={Gala, Gennaro and de Campos, Cassio and Peharz, Robert and Vergari, Antonio and Quaeghebeur, Erik},
  booktitle={International Conference on Artificial Intelligence and Statistics},
  pages={2143--2151},
  year={2024},
  organization={PMLR}
}

@inproceedings{peharz2020einsum,
  title={Einsum networks: Fast and scalable learning of tractable probabilistic circuits},
  author={Peharz, Robert and Lang, Steven and Vergari, Antonio and Stelzner, Karl and Molina, Alejandro and Trapp, Martin and Van den Broeck, Guy and Kersting, Kristian and Ghahramani, Zoubin},
  booktitle={International Conference on Machine Learning},
  pages={7563--7574},
  year={2020},
  organization={PMLR}
}

@techreport{hennig2020pml,
  author      = {Philipp Hennig},
  title       = {Probabilistic Machine Learning},
  institution = {University of Tuebingen},
  year        = {2020},
  type        = {lecture course},
  note        = {https://uni-tuebingen.de/en/180804}
}

@article{nyga2023joint,
  title={Joint Probability Trees},
  author={Nyga, Daniel and Picklum, Mareike and Schierenbeck, Tom and Beetz, Michael},
  journal={arXiv preprint arXiv:2302.07167},
  year={2023}
}
